% Encoding: UTF-8

@InProceedings{Correia1995,
  author    = {Bento A. B. Correia and Jeronimo A. Silva and Fernando D. Carvalho and Rui Guilherme and Fernando C. Rodrigues and Antonio M. de Silva Ferreira},
  booktitle = {Machine Vision Applications in Industrial Inspection {III}},
  title     = {Automated detection and classification of dice},
  doi       = {10.1117/12.205506},
  editor    = {Frederick Y. Wu and Stephen S. Wilson},
  publisher = {{SPIE}},
  month     = {mar},
  year      = {1995},
}

@InProceedings{Lapanjaa,
  author    = {I. Lapanja and M. Mraz and N. Zimic},
  booktitle = {Proceedings of {IEEE} International Conference on Industrial Technology 2000 ({IEEE} Cat. No.00TH8482)},
  title     = {Computer vision based reliability control for electromechanical dice gambling machine},
  doi       = {10.1109/icit.2000.854173},
  publisher = {Jaico Publishing House},
}

@Article{Huang2008,
  author    = {Kuo-Yi Huang},
  title     = {An Auto-Recognizing System for Dice Games Using a Modified Unsupervised Grey Clustering Algorithm},
  doi       = {10.3390/s8021212},
  number    = {2},
  pages     = {1212--1221},
  volume    = {8},
  journal   = {Sensors},
  month     = {feb},
  publisher = {{MDPI} {AG}},
  year      = {2008},
}

@Conference{Chung2009,
  author       = {Chin Ho Chung and Wen Yuan Chen and Bor Liang Lin},
  booktitle    = {International Conference on Advanced Information Technologies},
  date         = {2009},
  title        = {Image Identification Scheme for Dice Game},
  organization = {Ta Hwa Institute of Technology},
}

@Article{Suzuki1985,
  author    = {Satoshi Suzuki and KeiichiA be},
  title     = {Topological structural analysis of digitized binary images by border following},
  doi       = {10.1016/0734-189x(85)90016-7},
  number    = {1},
  pages     = {32--46},
  volume    = {30},
  journal   = {Computer Vision, Graphics, and Image Processing},
  month     = {apr},
  publisher = {Elsevier {BV}},
  year      = {1985},
}

@Comment{jabref-meta: databaseType:biblatex;}
